@article{le2008factominer,
  title={{F}acto{M}ine{R}: an {R} package for multivariate analysis},
  author={L{\^e}, S{\'e}bastien and Josse, Julie and Husson, Fran{\c{c}}ois and others},
  journal={Journal of statistical software},
  volume={25},
  number={1},
  pages={1--18},
  year={2008},
  publisher={Los Angeles}
}

@book{le2010multiple,
  title={Multiple correspondence analysis},
  author={Le Roux, Brigitte and Rouanet, Henry},
  volume={163},
  year={2010},
  publisher={Sage}
}

@article{das2018investigation,
  title={Investigation on the wrong way driving crash patterns using multiple correspondence analysis},
  author={Das, Subasish and Avelar, Raul and Dixon, Karen and Sun, Xiaoduan},
  journal={Accident Analysis \& Prevention},
  volume={111},
  pages={43--55},
  year={2018},
  publisher={Elsevier}
}

@article{das2015factor,
  title={Factor association with multiple correspondence analysis in vehicle--pedestrian crashes},
  author={Das, Subasish and Sun, Xiaoduan},
  journal={Transportation Research Record},
  volume={2519},
  number={1},
  pages={95--103},
  year={2015},
  publisher={SAGE Publications Sage CA: Los Angeles, CA}
}

@Manual{tidyverseRef,
  title = {tidyverse: Easily Install and Load the 'Tidyverse'},
  author = {Hadley Wickham},
  note = {http://tidyverse.tidyverse.org, https://github.com/tidyverse/tidyverse},
}

@book{greenacre2006multiple,
  title={Multiple correspondence analysis and related methods},
  author={Greenacre, Michael and Blasius, Jorg},
  year={2006},
  publisher={Chapman and Hall/CRC}
}


@book{benzecri1992correspondence,
  title={Correspondence analysis handbook},
  author={Benze{\'c}ri, J-P},
  year={1992},
  publisher={CRC Press}
}

@article{jolliffe2002principal,
  title={Principal component analysis for special types of data},
  author={Jolliffe, IT},
  journal={Principal component analysis},
  pages={338--372},
  year={2002},
  publisher={Springer}
}

@article{cesd,
  title={The {CES-D} scale: A self-report depression scale for research in the general population},
  author={Radloff, Lenore Sawyer},
  journal={Applied psychological measurement},
  volume={1},
  number={3},
  pages={385--401},
  year={1977},
  publisher={Sage Publications Sage CA: Thousand Oaks, CA}
}

@article{gizem_nodate,
    title = {Correlates and Moderators of Change in Subjective Memory and Memory Performance: Findings from the Health and Retirement Study},
    author = {Hülür, Gizem and Hertzog, Christopher and Pearman, Ann M. and Gerstorf, Denis},    
    doi = {10.1159/000369010},
    url = {http://dx.doi.org/10.1159/000369010},

    urldate = {2019-1-9},
    volume = {61},
    journal = {Gerontology},
    issue = {3},
    pages = {232-240},
}

@article{dena,
    title = {Associations between health literacy and preventive health behaviors among older adults: findings from the health and retirement study},
    author = {Fernandez, Dena M. and Larson, Janet L. and Zikmund-Fisher, Brian J.},    
    doi = {10.1186/s12889-016-3267-7},
    url = {http://dx.doi.org/10.1186/s12889-016-3267-7},
    year = {2016},
    month = {01},

    urldate = {2019-1-10},
    volume = {16},
    journal = {BMC Public Health},
    issue = {1},
}

@article{kara_bottiggi_nodate,
    title = {Does Caring for a Spouse With Dementia Accelerate Cognitive Decline? Findings From the Health and Retirement Study},
    author = {Dassel, Kara Bottiggi and Carr, Dawn C. and Vitaliano, Peter},    
    doi = {10.1093/geront/gnv148},
    url = {http://dx.doi.org/10.1093/geront/gnv148},
    year = {2017},
    month = {01},

    urldate = {2019-1-10},
    volume = {57},
    issue = {2},
    pages = {319-328},
}

@article{christine_nodate,
    title = {Depression and anxiety symptoms in male veterans and non-veterans: the Health and Retirement Study},
    author = {Gould, Christine E. and Rideaux, Tiffany and Spira, Adam P. and Beaudreau, Sherry A.},    
    doi = {10.1002/gps.4193},
    year = {2015},
    month = {01},

    urldate = {2019-3-7},
    volume = {30},
    journal = {Int J Geriatr Psychiatry},
    issue = {6},
    pages = {623-630},
}

@article{tan2013data,
  title={Data mining cluster analysis: basic concepts and algorithms},
  author={Tan, Pang-Ning and Steinbach, Michael and Kumar, Vipin},
  journal={Introduction to data mining},
  year={2013},
  publisher={Pearson Education India}
}



@misc{rand2014rand,
  title={RAND HRS Data, Version N},
  author={RAND, HRS},
  year={2014},
  publisher={Produced by the RAND Center for the Study of Aging, with funding from the National Institute on Aging and the Health and Retirement Study}
}

@article{bugliari2016rand,
  title={RAND HRS data documentation, version P},
  author={Bugliari, Delia and Campbell, Nancy and Chan, Chris and Hayden, Orla and Hurd, Michael and Main, Regan and Mallett, Joshua and McCullough, Colleen and Meijer, Erik and Moldoff, Michael and others},
  journal={RAND Center for the Study of Aging},
  year={2016}
}

@article{smith2013psychosocial,
  title={Psychosocial and lifestyle questionnaire},
  author={Smith, Jacqui and Fisher, Gwenith and Ryan, Lindsay and Clarke, Philippa and House, Jim and Weir, David},
  journal={Survey Research Center, Institute for Social Research},
  year={2013}
}

@article{sonnega2014health,
  title={The Health and Retirement Study: A public data resource for research on aging},
  author={Sonnega, Amanda and Weir, David},
  journal={Open Health Data},
  volume={2},
  number={1},
  year={2014},
  publisher={Ubiquity Press}
}

@Manual{Refdplyr,
    title = {dplyr: A Grammar of Data Manipulation},
    author = {Hadley Wickham and Romain Francois and Lionel Henry and Kirill M{\"u}ller},
    year = {2018},
    note = {{R} package version 0.7.8},
    url = {https://CRAN.R-project.org/package=dplyr},
}
  
@Book{ggplotBook,
   author = {Hadley Wickham},
   title = {ggplot2: Elegant Graphics for Data Analysis},
   publisher = {Springer-Verlag New York},
   year = {2016},
   isbn = {978-3-319-24277-4},
   url = {https://ggplot2.tidyverse.org},
}

@Manual{factoextra,
    title = {factoextra: Extract and Visualize the Results of Multivariate Data Analyses},
    author = {Alboukadel Kassambara and Fabian Mundt},
    year = {2017},
    note = {{R} package version 1.0.5},
    url = {https://CRAN.R-project.org/package=factoextra},
}

@article{seligman2018machine,
  title={Machine learning approaches to the social determinants of health in the health and retirement study},
  author={Seligman, Benjamin and Tuljapurkar, Shripad and Rehkopf, David},
  journal={SSM-population health},
  volume={4},
  pages={95--99},
  year={2018},
  publisher={Elsevier}
}

@article{puterman2016lifespan,
  title={Lifespan adversity and later adulthood telomere length in the nationally representative US Health and Retirement Study},
  author={Puterman, Eli and Gemmill, Alison and Karasek, Deborah and Weir, David and Adler, Nancy E and Prather, Aric A and Epel, Elissa S},
  journal={Proceedings of the National Academy of Sciences},
  volume={113},
  number={42},
  pages={E6335--E6342},
  year={2016},
  publisher={National Academy of Sciences}
}


@book{HRS2014,
  title={({H}{R}{S} {C}ore) public use data set},
  author={{H}ealth and {R}etirement {S}tudy},
  address={Produced and distributed by the {U}niversity of {M}ichigan with funding from the {N}ational {I}nstitute on {A}ging (grant number NIA U01AG009740)},
  year = {2014},
  publisher = {Ann Arbor, MI}
  
}

@book{rand2008data,
  title={{H}{R}{S} {C}ore Version H},
  author={{RAND}},
  address={Produced by the RAND Center for the Study of Aging, with funding from the National Institute on Aging and the Social Security Administration},
  year={February 2008},
  publisher={Santa Monica, CA}
}

@article{lachman1997midlife,
  title={The Midlife Development Inventory ({MIDI}) personality scales: Scale construction and scoring},
  author={Lachman, Margie E and Weaver, Suzanne L},
  journal={Waltham, MA: Brandeis University},
  pages={1--9},
  year={1997}
}

@article{wickham2018haven,
  title={haven: Import and export {SPSS}, {STATA} and {SAS} files},
  author={Wickham, Hadley and Miller, Evan},
  journal={R package version},
  volume={1},
  number={0},
  year={2018}
}

@article{costa_nodate,
  title = {Revised {NEO} Personality Inventory},
  author = {Paul, Costa and Robert, McCrae},   
  doi = {10.1037/t03907-000},
  url = {10.1037/t03907-000},
  year = {2016},
  month = {01},
  urldate = {2019-6-27}
}

@article{ding2002cluster,
  title={Cluster merging and splitting in hierarchical clustering algorithms},
  author={Ding, Chris and He, Xiaofeng},
  journal={IEEE International Conference on Data Mining Proceedings},
  pages={139--146},
  year={2002},
  organization={IEEE}
}